<?xml version="1.0" encoding="UTF-8"?><collection xmlns="http://www.loc.gov/MARC21/slim"><record><leader>00386nam--2200133-i-4500</leader><controlfield tag="001">000029645</controlfield><controlfield tag="002">20161230</controlfield><controlfield tag="005">20161230201037</controlfield><controlfield tag="008">060222s1000------------r-----000-0-eng-d</controlfield><datafield ind1=" " ind2=" " tag="100"><subfield code="a">Lagnaux,  J.P./S.A.</subfield></datafield><datafield ind1=" " ind2=" " tag="245"><subfield code="a">The interaction of 300 mev/c k mesons with emulsion nuclei</subfield></datafield><datafield ind1=" " ind2=" " tag="260"><subfield code="a">Bruxelles, Presses Academiques Europeennes. 1964. 20p. + 12 Pl</subfield></datafield><datafield ind1=" " ind2=" " tag="490"><subfield code="a">Bulletin</subfield></datafield><datafield ind1=" " ind2=" " tag="852"><subfield code="a">19411</subfield></datafield></record></collection>